@inproceedings{camminady2017nonclassical,
	author = {Camminady, Thomas and Frank, Martin and Larsen, Edward W.},
	booktitle = {International Conference on Mathematics \& Computational Methods Applied to Nuclear Science \& Engineering},
	title = {Nonclassical particle transport in heterogeneous materials},
	year = {2017}
}
